<?xml version="1.0" encoding="UTF-8"?>
<record xmlns="http://www.loc.gov/MARC21/slim" xmlns:xsi="http://www.w3.org/2001/XMLSchema-instance" xsi:schemaLocation="http://www.loc.gov/MARC21/slim http://www.loc.gov/standards/marcxml/schema/MARC21slim.xsd">
<leader>     nam a22003851a 4500</leader>
<controlfield tag="001">001684376</controlfield>
<controlfield tag="003">NNU</controlfield>
<controlfield tag="005">20061010173230.0</controlfield>
<controlfield tag="008">951121s1945    ua      ab    000 0 arard</controlfield>
<datafield tag="035" ind1="9" ind2=" ">
<subfield code="a">NYUb12227806</subfield>
</datafield>
<datafield tag="035" ind1=" " ind2=" ">
<subfield code="a">(NNU)NYUb12227806</subfield>
</datafield>
<datafield tag="040" ind1=" " ind2=" ">
<subfield code="a">NjP</subfield>
<subfield code="c">NjP</subfield>
<subfield code="d">RPB</subfield>
<subfield code="d">CtY</subfield>
</datafield>
<datafield tag="066" ind1=" " ind2=" ">
<subfield code="c">(3</subfield>
</datafield>
<datafield tag="090" ind1=" " ind2=" ">
<subfield code="a">BP189</subfield>
<subfield code="b">.A35</subfield>
</datafield>
<datafield tag="100" ind1="1" ind2=" ">
<subfield code="6">880-01</subfield>
<subfield code="a">ʻAfīfī, Abū al-ʻIlā.</subfield>
</datafield>
<datafield tag="245" ind1="1" ind2="3">
<subfield code="6">880-02</subfield>
<subfield code="a">al-Malāmatīyah wa-al-Ṣūfīyah wa-ahl al-Futūwah /</subfield>
<subfield code="c">taʼlīf Abū al-ʻIlā ʻAfīfī.</subfield>
</datafield>
<datafield tag="260" ind1=" " ind2=" ">
<subfield code="6">880-03</subfield>
<subfield code="a">[Cairo] :</subfield>
<subfield code="b">Īsá al-Bābī al-Ḥalabī,</subfield>
<subfield code="c">1945.</subfield>
</datafield>
<datafield tag="300" ind1=" " ind2=" ">
<subfield code="a">125 p. ;</subfield>
<subfield code="c">23 cm.</subfield>
</datafield>
<datafield tag="490" ind1="1" ind2=" ">
<subfield code="6">880-04</subfield>
<subfield code="a">Muʼallafāt al-Jamʻīyah al-Falsafīyah al-Miṣrīyah ;</subfield>
<subfield code="v">5</subfield>
</datafield>
<datafield tag="500" ind1=" " ind2=" ">
<subfield code="a">"Risālat al-Malāmatīyah," by Abū ʻAbd al-Raḥmān al-Sulamī: p. 86-120.</subfield>
</datafield>
<datafield tag="504" ind1=" " ind2=" ">
<subfield code="a">Includes bibliographical references (p. 121-123)</subfield>
</datafield>
<datafield tag="650" ind1=" " ind2="0">
<subfield code="a">Sufism.</subfield>
</datafield>
<datafield tag="650" ind1=" " ind2="0">
<subfield code="a">Futuwwa (Islamic social groups)</subfield>
</datafield>
<datafield tag="700" ind1="1" ind2="2">
<subfield code="6">880-05</subfield>
<subfield code="a">Sulamī, Muḥammad ibn al-Ḥusayn,</subfield>
<subfield code="d">d. 1021.</subfield>
<subfield code="t">Risālat al-Malāmatīh.</subfield>
</datafield>
<datafield tag="740" ind1="0" ind2=" ">
<subfield code="6">880-06</subfield>
<subfield code="a">Risālat al-Malāmatīh.</subfield>
</datafield>
<datafield tag="740" ind1="0" ind2=" ">
<subfield code="6">880-07</subfield>
<subfield code="a">Malāmatīh.</subfield>
</datafield>
<datafield tag="880" ind1="1" ind2=" ">
<subfield code="6">100-01/</subfield>
<subfield code="a">عفيفي، أبو العلا.</subfield>
</datafield>
<datafield tag="880" ind1="1" ind2="2">
<subfield code="6">245-02/</subfield>
<subfield code="a">الملامتية والصوفية وأهل الفتوة /</subfield>
<subfield code="c">تأليف أبو العلا عفيفي.</subfield>
</datafield>
<datafield tag="880" ind1=" " ind2=" ">
<subfield code="6">260-03/</subfield>
<subfield code="a">[القاهرة] :</subfield>
<subfield code="b">عيسى البابي الحلبي،</subfield>
<subfield code="c">1945.</subfield>
</datafield>
<datafield tag="880" ind1="1" ind2=" ">
<subfield code="6">490-04/</subfield>
<subfield code="a">مؤلفات الجمعية الفلسفية المصرية ؛</subfield>
<subfield code="v">5</subfield>
</datafield>
<datafield tag="880" ind1="1" ind2="2">
<subfield code="6">700-05/</subfield>
<subfield code="a">سلمي، محمد بن الحسين.</subfield>
<subfield code="t">رسالة الملامتية.</subfield>
</datafield>
<datafield tag="880" ind1="0" ind2=" ">
<subfield code="6">740-06/</subfield>
<subfield code="a">رسالة الملامتية.</subfield>
</datafield>
<datafield tag="880" ind1="0" ind2=" ">
<subfield code="6">740-07/</subfield>
<subfield code="a">ملامتية.</subfield>
</datafield>
<datafield tag="830" ind1=" " ind2="0">
<subfield code="6">880-08</subfield>
<subfield code="a">Muʼallafāt al-Jamʻīyah al-Falsafīyah al-Miṣrīyah ;</subfield>
<subfield code="v">5.</subfield>
</datafield>
<datafield tag="880" ind1=" " ind2="0">
<subfield code="6">830-08/</subfield>
<subfield code="a">مؤلفات الجمعية الفلسفية المصرية ;</subfield>
<subfield code="v">5</subfield>
</datafield>
<datafield tag="OWN" ind1=" " ind2=" ">
<subfield code="a">GENERAL</subfield>
</datafield>
<datafield tag="998" ind1=" " ind2=" ">
<subfield code="a">20010429</subfield>
<subfield code="d">20010429</subfield>
<subfield code="d">20011121</subfield>
<subfield code="n">NNU</subfield>
<subfield code="s">6</subfield>
<subfield code="t">c</subfield>
<subfield code="z">p</subfield>
</datafield>
<datafield tag="AVA" ind1=" " ind2=" ">
<subfield code="a">NYU50</subfield>
<subfield code="b">BOBST</subfield>
<subfield code="c">Main Collection</subfield>
<subfield code="d">BP189 .A35</subfield>
<subfield code="e">unavailable</subfield>
<subfield code="t">Unavailable</subfield>
<subfield code="f">1</subfield>
<subfield code="g">1</subfield>
<subfield code="h">N</subfield>
<subfield code="i">0</subfield>
<subfield code="j">MAIN</subfield>
<subfield code="k">0</subfield>
</datafield>
</record>
